@article{Rimoin2010,
  author = {Rimoin, A W and Mulembakani, P M and Johnston, S C and {Lloyd Smith}, J O and Kisalu, N K and Kinkela, T L and Blumberg, S and Thomassen, H A and Pike, B L and Fair, J N and Wolfe, N D and Shongo, R L and Graham, B S and Formenty, P and Okitolonda, E and Hensley, L E and Meyer, H and Wright, L L and Muyembe, J J},
  edition = {2010/09/02},
  journal = {Proc Natl Acad Sci U S A},
  mendeley-groups = {MPX},
  number = {37},
  pages = {16262--16267},
  pmid = {20805472},
  title = {{Major increase in human monkeypox incidence 30 years after smallpox vaccination campaigns cease in the Democratic Republic of Congo}},
  url = {http://www.ncbi.nlm.nih.gov/entrez/query.fcgicmd=Retrieve{\&}db=PubMed{\&}dopt=Citation{\&}list{\_}uids=20805472},
  volume = {107},
  year = {2010},
}


@article{Fuller2011,
  author = {Fuller, T and Thomassen, H A and Mulembakani, P M and Johnston, S C and Lloyd-Smith, J O and Kisalu, N K and Lutete, T K and Blumberg, S and Fair, J N and Wolfe, N D and Shongo, R L and Formenty, P and Meyer, H and Wright, L L and Muyembe, J J and Buermann, W and Saatchi, S S and Okitolonda, E and Hensley, L and Smith, T B and Rimoin, A W},
  doi = {10.1007/s10393-010-0355-5},
  isbn = {1612-9210 (Electronic) 1612-9202 (Linking)},
  journal = {Ecohealth},
  keywords = {*Disease Reservoirs,*Remote Sensing Technology,Animals,Democratic Republic of the Congo,Disease Vectors,Humans,Monkeypox virus/isolation {\&} purification,Monkeypox/*transmission,Population Surveillance/methods,Regression Analysis,Risk Assessment,Sciuridae/virology,Trees},
  language = {eng},
  mendeley-groups = {MPX},
  number = {1},
  pages = {14--25},
  pmid = {21069425},
  title = {{Using remote sensing to map the risk of human monkeypox virus in the Congo Basin}},
  url = {http://www.ncbi.nlm.nih.gov/pubmed/21069425},
  volume = {8},
  year = {2011},
}
